<record><leader>00000cas a2200000 a 4500</leader><controlfield tag="001">34991562</controlfield><controlfield tag="008">960626d19081922iluin ne      0    0eng c</controlfield><datafield ind1=" " ind2=" " tag="010"><subfield code="a">sn 96071019 </subfield></datafield><datafield ind1=" " ind2=" " tag="040"><subfield code="a">NVF</subfield><subfield code="b">eng</subfield><subfield code="c">NVF</subfield><subfield code="d">NVF</subfield><subfield code="d">OCLCF</subfield><subfield code="d">OCLCO</subfield></datafield><datafield ind1="1" ind2=" " tag="029"><subfield code="a">AU@</subfield><subfield code="b">000012570419</subfield></datafield><datafield ind1=" " ind2=" " tag="042"><subfield code="a">pcc</subfield></datafield><datafield ind1=" " ind2=" " tag="043"><subfield code="a">n-us-il</subfield></datafield><datafield ind1="0" ind2=" " tag="130"><subfield code="a">Summer Illini (Urbana, Ill. : 1908)</subfield></datafield><datafield ind1="1" ind2="4" tag="245"><subfield code="a">The summer Illini.</subfield></datafield><datafield ind1=" " ind2=" " tag="260"><subfield code="a">Urbana, Ill. :</subfield><subfield code="b">Urbana Courier Co.,</subfield><subfield code="c">1908-1922.</subfield></datafield><datafield ind1="3" ind2=" " tag="260"><subfield code="3">June 20, 1910-Aug. 9, 1922</subfield><subfield code="a">Champaign, Ill. ;</subfield><subfield code="a">Urbana, Ill.</subfield></datafield><datafield ind1="2" ind2=" " tag="260"><subfield code="3">June 18-&lt;Aug. 7&gt;, 1917</subfield><subfield code="a">Champaign, Ill. ;</subfield><subfield code="a">Urbana, Ill. :</subfield><subfield code="b">University Press</subfield></datafield><datafield ind1="3" ind2=" " tag="260"><subfield code="3">&lt;Sept. 23, 1919&gt;-Aug. 9, 1922</subfield><subfield code="a">Champaign, Ill. ;</subfield><subfield code="a">Urbana, Ill. :</subfield><subfield code="b">Illini Pub. Co.</subfield></datafield><datafield ind1=" " ind2=" " tag="300"><subfield code="a">v.</subfield></datafield><datafield ind1=" " ind2=" " tag="310"><subfield code="a">Triweekly,</subfield><subfield code="b">July 10, 1917-Aug. 9, 1922</subfield></datafield><datafield ind1=" " ind2=" " tag="321"><subfield code="a">Triweekly,</subfield><subfield code="b">1908-Aug. 12, 1915</subfield></datafield><datafield ind1=" " ind2=" " tag="321"><subfield code="a">Daily (except Monday during the Summer session),</subfield><subfield code="b">June 19, 1916-July 8, 1917</subfield></datafield><datafield ind1="0" ind2=" " tag="362"><subfield code="a">Vol. 1, no. 1 (June 9, 1908)-v. 14, no. 20 (Aug. 9, 1922).</subfield></datafield><datafield ind1=" " ind2=" " tag="500"><subfield code="a">Published simultaneously in Champaign, Ill. and Urbana, Ill., June 20, 1910-Aug. 9, 1922.</subfield></datafield><datafield ind1=" " ind2=" " tag="500"><subfield code="a">Published during the Summer session.</subfield></datafield><datafield ind1="2" ind2="0" tag="610"><subfield code="a">University of Illinois at Urbana-Champaign</subfield><subfield code="v">Newspapers.</subfield></datafield><datafield ind1=" " ind2="0" tag="651"><subfield code="a">Champaign (Ill.)</subfield><subfield code="v">Newspapers.</subfield></datafield><datafield ind1=" " ind2="0" tag="651"><subfield code="a">Urbana (Ill.)</subfield><subfield code="v">Newspapers.</subfield></datafield><datafield ind1=" " ind2="7" tag="655"><subfield code="a">Newspapers.</subfield><subfield code="2">fast</subfield><subfield code="0">(OCoLC)fst01423814</subfield></datafield><datafield ind1="2" ind2="7" tag="610"><subfield code="a">University of Illinois at Urbana-Champaign.</subfield><subfield code="2">fast</subfield><subfield code="0">(OCoLC)fst00532271</subfield></datafield><datafield ind1=" " ind2="7" tag="651"><subfield code="a">Illinois</subfield><subfield code="z">Champaign.</subfield><subfield code="2">fast</subfield><subfield code="0">(OCoLC)fst01207150</subfield></datafield><datafield ind1=" " ind2="7" tag="651"><subfield code="a">Illinois</subfield><subfield code="z">Urbana.</subfield><subfield code="2">fast</subfield><subfield code="0">(OCoLC)fst01211927</subfield></datafield><datafield ind1=" " ind2=" " tag="752"><subfield code="a">United States</subfield><subfield code="b">Illinois</subfield><subfield code="c">Champaign</subfield><subfield code="d">Champaign.</subfield></datafield><datafield ind1=" " ind2=" " tag="752"><subfield code="a">United States</subfield><subfield code="b">Illinois</subfield><subfield code="c">Champaign</subfield><subfield code="d">Urbana.</subfield></datafield><datafield ind1="0" ind2=" " tag="775"><subfield code="t">Daily Illini</subfield><subfield code="w">(DLC)sn 85000585</subfield><subfield code="w">(OCoLC)11682576</subfield></datafield><datafield ind1="4" ind2="1" tag="856"><subfield code="3">(1917; 1920-1911) available online:</subfield><subfield code="u">http://www.library.illinois.edu/dnc/idnc</subfield></datafield></record>